@book{davies:msp430,
	author    = {John H. Davies},
	title     = {MSP430 Microcontroller Basics},
	year      = {2008},
	publisher = {Newnes},
	address   = {Oxford},
	edition   = {1},
	isbn      = {978-0-7506-8276-3}
}

@manual{ti:slau272d,
	title        = {MSP430FR57xx Family User's Guide},
	author       = {{Texas Instruments}},
	year         = {2018},
	organization = {Texas Instruments Incorporated},
	address      = {655303 Dallas, Texas},
	edition      = {Revision D},
	pages		 = {576},
	note         = {Document Number: SLAU272, Rev. D},
	url          = {https://www.ti.com/lit/ug/slau272d/slau272d.pdf}
}

@manual{ti:slau132r,
	title        = {MSP430 Optimizing C/C++ Compiler v18.1.0.LTS},
	author       = {{Texas Instruments}},
	year         = {2018},
	organization = {Texas Instruments Incorporated},
	address      = {655303 Dallas, Texas},
	edition      = {Revision R},
	pages		 = {181},
	note         = {Document Number: SLAU132, Rev. R},
	url          = {https://www.ti.com/lit/ug/slau132r/slau132r.pdf}
}

@manual{ti:CCS,
	title        = {Code Composer Studio™ User's Guide},
	author       = {{Texas Instruments}},
	year         = {2025},
	organization = {Texas Instruments Incorporated},
	address      = {655303 Dallas, Texas},
	edition      = {Version 20.1.1},
	url          = {https://software-dl.ti.com/ccs/esd/documents/users_guide/index.html}
}

@manual{ti:slase35c,
	title        = {MSP430FR5729 Mixed-Signal Microcontroller},
	author       = {{Texas Instruments}},
	year         = {2017},
	organization = {Texas Instruments Incorporated},
	address      = {655303 Dallas, Texas},
	edition      = {Revision C},
	pages		 = {119},
	note         = {Document Number: SLASE35},
	url          = {https://www.ti.com/lit/ds/symlink/msp430fr5729.pdf}
}

@manual{ti:spru296,
	title        = {Code Composer User's Guide},
	author       = {{Texas Instruments}},
	year         = {1999},
	organization = {Texas Instruments Incorporated},
	address      = {655303 Dallas, Texas},
	pages		 = {224},
	note         = {Document Number: SPRU296},
	url          = {https://www.ti.com/lit/ug/spru296/spru296.pdf}
}

@manual{ti:slau654e,
	title        = {MSP Flasher user's guide},
	author       = {{Texas Instruments}},
	year         = {2019},
	organization = {Texas Instruments Incorporated},
	address      = {655303 Dallas, Texas},
	edition      = {Revision E},
	pages		 = {18},
	note         = {Document Number: SLAU654},
	url          = {https://www.ti.com/lit/ug/slau654e/slau654e.pdf}
}

@manual{ti:slau157as,
	title        = {Code Composer Studio™ IDE v10.x for MSP430™ MCUs},
	author       = {{Texas Instruments}},
	year         = {2020},
	organization = {Texas Instruments Incorporated},
	address      = {655303 Dallas, Texas},
	edition      = {Revision AS},
	pages		 = {66},
	note         = {Document Number: SLAU157},
	url          = {https://www.ti.com/lit/ug/slau157as/slau157as.pdf}
}

@misc{ti:MSP430,
	author       = {{Texas Instruments}},
	title        = {{MSP430FR5729 Mixed-Signal Microcontroller}},
	year         = {2024},
	howpublished = {\url{https://www.ti.com/product/MSP430FR5729?qgpn=msp430fr5729}},
	note         = {Zugriff am 7. Mai 2025}
}